@inproceedings{Godfrey2006a,
	author = {P. Brighten Godfrey and Scott Shenker and Ion Stoica},
	title = {Minimizing Churn in Distributed Systems},
	booktitle = {SIGCOMM},
	publisher = {ACM},
	year = {2006},
}

@inproceedings{Murdoch2006a,
	author = {Steven J. Murdoch},
	title = {Hot or Not: Revealing Hidden Services by their Clock Skew},
	booktitle = {Computer and Communications Security},
	publisher = {ACM},
	year = {2006},
}

@inproceedings{Yu2006a,
	author = {Haifeng Yu and Michael Kaminsky and Phillip B. Gibbons and Abraham Flaxman},
	title = {{S}ybil{G}uard: Defending Against {S}ybil Attack via Social Networks},
	booktitle = {SIGCOMM},
	publisher = {ACM},
	year = {2006},
}

@inproceedings{Danezis2009a,
	author = {George Danezis and Prateek Mittal},
	title = {{S}ybil{I}nfer: Detecting {S}ybil Nodes using Social Networks},
	booktitle = {Network and Distributed System Security},
	year = {2009},
	publisher = {The Internet Society},
}

@inproceedings{Borisov2006a,
	author = {Nikita Borisov},
	title = {Computational Puzzles as {S}ybil Defenses},
	booktitle = {Peer-to-Peer Computing},
	year = {2005},
	publisher = {IEEE},
	howpublished = {\url{http://hatswitch.org/~nikita/papers/sybil.pdf}},
}

@inproceedings{Li2012a,
	author = {Li, Frank and Mittal, Prateek and Caesar, Matthew and Borisov, Nikita},
	title = {{S}ybil{C}ontrol: Practical {S}ybil Defense with Computational Puzzles},
	booktitle = {Scalable Trusted Computing},
	publisher = {ACM},
	year = {2012},
}

@inproceedings{Margolin2008a,
	author = {N. Boris Margolin and Brian Neil Levine},
	title = {Quantifying Resistance to the {S}ybil Attack},
	booktitle = {Financial Cryptography and Data Security},
	publisher = {Springer},
	year = {2008},
}

@inproceedings{Sommer2010a,
	author = {Robin Sommer and Vern Paxson},
	title = {Outside the Closed World: On Using Machine Learning For Network Intrusion Detection},
	booktitle = {Security \& Privacy},
	publisher = {IEEE},
	year = {2010},
}

@inproceedings{Srndic2014a,
	author = {Nedim \v{S}rndi\'{c} and Pavel Laskov},
	title = {Practical Evasion of a Learning-Based Classifier: A Case Study},
	booktitle = {Security \& Privacy},
	publisher = {IEEE},
	year = {2014},
}

@inproceedings{Cao2015a,
	author = {Yinzhi Cao and Junfeng Yang},
	title = {Towards Making Systems Forget with Machine Unlearning},
	booktitle = {Security \& Privacy},
	publisher = {IEEE},
	year = {2015},
}

@misc{progressreport,
	author = {Andrew Lewman},
	title = {June 2010 Progress Report},
	year = {2010},
	howpublished = {\url{https://blog.torproject.org/blog/june-2010-progress-report}},
}

@inproceedings{Winter2014a,
	author = {Philipp Winter and Richard K\"{o}wer and Martin Mulazzani and Markus Huber and Sebastian Schrittwieser and Stefan Lindskog and Edgar Weippl},
	title = {{S}poiled {O}nions: Exposing Malicious {T}or Exit Relays},
	booktitle = {Privacy Enhancing Technologies Symposium},
	publisher = {Springer},
	year = {2014},
	howpublished = {\url{http://www.cs.kau.se/philwint/spoiled_onions/pets2014.pdf}},
}

@inproceedings{Douceur2002a,
	author = {John R. Douceur},
	title = {The {S}ybil Attack},
	booktitle = {Peer-to-Peer Systems},
	year = {2002},
}

@misc{collector,
	author = {The Tor Project},
	title = {{C}ollec{T}or â€”- Your friendly data-collecting service in the {T}or network},
	howpublished = {\url{https://collector.torproject.org/}},
}
